@Book{Lay2005,
  Title                    = {Linear algebra and its applications},
  Author                   = {David C. Lay},
  Publisher                = {Pearson/Addison-Wesley},
  Year                     = {2005},
  Edition                  = {3},
  Month                    = {Sep.},

  Owner                    = {jkjaer},
  Timestamp                = {2011.03.02}
}

@Book{Strang2009,
  Title                    = {Introduction to Linear Algebra},
  Author                   = {Gilbert Strang},
  Publisher                = {Wellesley Cambridge Press},
  Year                     = {2009},
  Edition                  = {4},
  Month                    = {Feb.},

  Owner                    = {jkjaer},
  Timestamp                = {2011.03.02}
}

@Book{Antoniou2007,
  Title                    = {Practical Optimization: Algorithms and Engineering Applications},
  Author                   = {Andreas Antoniou and Wu-Sheng Lu},
  Publisher                = {Springer},
  Year                     = {2007},
  Month                    = {Mar.},

  Owner                    = {jkjaer},
  Timestamp                = {2011.03.01}
}

@Book{Kay2005,
  Title                    = {Intuitive Probability and Random Processes using {MATLAB}},
  Author                   = {S. M. Kay},
  Publisher                = {Springer Science, New York, Inc.},
  Year                     = {2006},

  ISBN                     = {0387241574}
}

@Book{Leon-Garcia2008,
  Title                    = {Probability, Statistics, and Random Processes For Electrical Engineering},
  Author                   = {Alberto Leon-Garcia},
  Publisher                = {Prentice Hall},
  Year                     = {2008},
  Edition                  = {3},
  Month                    = {Jan.},

  Owner                    = {jkjaer},
  Timestamp                = {2011.03.02}
}

@Book{Sayed2003,
  Title                    = {Fundamentals of Adaptive Filtering},
  Author                   = {Ali H. Sayed},
  Publisher                = {Wiley-IEEE Press},
  Year                     = {2003},
  Month                    = {Jun.},

  Owner                    = {jkjaer},
  Timestamp                = {2011.02.16}
}

@Book{Haykin2001,
  Title                    = {Adaptive Filter Theory},
  Author                   = {Simon Haykin},
  Publisher                = {Prentice Hall},
  Year                     = {2001},
  Edition                  = {4},
  Month                    = {Sep.},

  Owner                    = {jkjaer},
  Timestamp                = {2011.01.26}
}

@Article{Shin2004,
  Title                    = {Mean-Square Performance of a Family of Affine Projection Algorithms},
  Author                   = {Hyun-Chool Shin and Ali H. Sayed},
  Journal                  = IEEE_J_SP,
  Year                     = {2004},

  Month                    = {Jan.},
  Number                   = {1},
  Pages                    = {90--102},
  Volume                   = {52},

  Owner                    = {jkjaer},
  Timestamp                = {2011.02.24}
}

@Book{Hayes1996,
  Title                    = {Statistical Digital Signal Processing and Modeling},
  Author                   = {Monson H. Hayes},
  Publisher                = {Wiley},
  Year                     = {1996},

  Owner                    = {jkjaer},
  Pages                    = {Mar.},
  Timestamp                = {2011.02.24}
}

@Article{Slock1991,
  Title                    = {Numerically stable fast transversal filters for recursive least squares adaptive filtering},
  Author                   = {Slock, D. T. M. and Kailath, T.},
  Journal                  = IEEE_J_SP,
  Year                     = {1991},

  Month                    = {Jan.},
  Number                   = {1},
  Pages                    = {92--114},
  Volume                   = {39},

  ISSN                     = {1053-587X}
}

@Misc{Petersen2008,
  Title                    = {The Matrix Cookbook},

  Author                   = {K. B. Petersen and M. S. Pedersen},
  HowPublished             = {Online},
  Month                    = {oct},
  Note                     = {Version 20081110},
  Year                     = {2008},

  Abstract                 = {Matrix identities, relations and approximations. A desktop reference for quick overview of mathematics of matrices.},
  Keywords                 = {Matrix identity, matrix relations, inverse, matrix derivative},
  Publisher                = {Technical University of Denmark},
  Url                      = {http://www2.imm.dtu.dk/pubdb/p.php?3274}
}
